<?xml version="1.0" encoding="UTF-8"?>
  <record xmlns="http://www.loc.gov/MARC21/slim" type="Authority">
    <leader>00000nz  a2200000nc 4500</leader>
    <controlfield tag="001">128550643</controlfield>
    <controlfield tag="003">DE-101</controlfield>
    <controlfield tag="005">20210305165020.0</controlfield>
    <controlfield tag="008">031128n||aznnnaabn           | aaa    |c</controlfield>
    <datafield tag="024" ind1="7" ind2=" ">
      <subfield code="a">128550643</subfield>
      <subfield code="0">http://d-nb.info/gnd/128550643</subfield>
      <subfield code="2">gnd</subfield>
    </datafield>
    <datafield tag="035" ind1=" " ind2=" ">
      <subfield code="a">(DE-101)128550643</subfield>
    </datafield>
    <datafield tag="035" ind1=" " ind2=" ">
      <subfield code="a">(DE-588)128550643</subfield>
    </datafield>
    <datafield tag="035" ind1=" " ind2=" ">
      <subfield code="z">(DE-588a)128550643</subfield>
      <subfield code="9">v:zg</subfield>
    </datafield>
    <datafield tag="040" ind1=" " ind2=" ">
      <subfield code="a">DE-12</subfield>
      <subfield code="c">DE-12</subfield>
      <subfield code="9">r:DE-12</subfield>
      <subfield code="b">ger</subfield>
      <subfield code="d">9999</subfield>
    </datafield>
    <datafield tag="042" ind1=" " ind2=" ">
      <subfield code="a">gnd1</subfield>
    </datafield>
    <datafield tag="043" ind1=" " ind2=" ">
      <subfield code="c">XA-DE</subfield>
    </datafield>
    <datafield tag="075" ind1=" " ind2=" ">
      <subfield code="b">p</subfield>
      <subfield code="2">gndgen</subfield>
    </datafield>
    <datafield tag="075" ind1=" " ind2=" ">
      <subfield code="b">piz</subfield>
      <subfield code="2">gndspec</subfield>
    </datafield>
    <datafield tag="079" ind1=" " ind2=" ">
      <subfield code="a">g</subfield>
      <subfield code="q">a</subfield>
      <subfield code="q">f</subfield>
      <subfield code="q">h</subfield>
    </datafield>
    <datafield tag="100" ind1="1" ind2=" ">
      <subfield code="a">Thumb von Neuburg, Johann Friedrich</subfield>
      <subfield code="d">1580-1647</subfield>
    </datafield>
    <datafield tag="400" ind1="1" ind2=" ">
      <subfield code="a">Thumb von Neuburg, Johann Friedrich</subfield>
      <subfield code="c">der Ältere</subfield>
      <subfield code="d">1580-1647</subfield>
    </datafield>
    <datafield tag="400" ind1="1" ind2=" ">
      <subfield code="a">Neuburg, Johann Friedrich Thumb &#152;von&#156;</subfield>
      <subfield code="d">1580-1647</subfield>
    </datafield>
    <datafield tag="400" ind1="1" ind2=" ">
      <subfield code="a">Thumm von Newburg, Johann Friedrich</subfield>
      <subfield code="d">1580-1647</subfield>
    </datafield>
    <datafield tag="400" ind1="1" ind2=" ">
      <subfield code="a">Thumm von Newburg, Johann Friderich</subfield>
      <subfield code="d">1580-1647</subfield>
    </datafield>
    <datafield tag="400" ind1="1" ind2=" ">
      <subfield code="a">Thumb a Neuburg, Johannes Fridericus</subfield>
      <subfield code="d">1580-1647</subfield>
    </datafield>
    <datafield tag="400" ind1="1" ind2=" ">
      <subfield code="a">Thumb a Neuburg in Königen &amp; Stetten, Johannes Fridericus</subfield>
      <subfield code="d">1580-1647</subfield>
    </datafield>
    <datafield tag="400" ind1="1" ind2=" ">
      <subfield code="a">Thummius, Johannes Fridericus</subfield>
      <subfield code="d">1580-1647</subfield>
    </datafield>
    <datafield tag="400" ind1="1" ind2=" ">
      <subfield code="a">Thummius, Johan-Fridericus</subfield>
      <subfield code="d">1580-1647</subfield>
    </datafield>
    <datafield tag="400" ind1="1" ind2=" ">
      <subfield code="a">Thummius, Jan-Fridericus</subfield>
      <subfield code="d">1580-1647</subfield>
    </datafield>
    <datafield tag="400" ind1="1" ind2=" ">
      <subfield code="a">Thumb, Johann Friedrich</subfield>
      <subfield code="d">1580-1647</subfield>
    </datafield>
    <datafield tag="400" ind1="1" ind2=" ">
      <subfield code="a">Thumb, Johann Friderich</subfield>
      <subfield code="d">1580-1647</subfield>
    </datafield>
    <datafield tag="400" ind1="1" ind2=" ">
      <subfield code="a">Thumm, Johann Friedrich</subfield>
      <subfield code="d">1580-1647</subfield>
    </datafield>
    <datafield tag="400" ind1="1" ind2=" ">
      <subfield code="a">Thumm, Johann Friderich</subfield>
      <subfield code="d">1580-1647</subfield>
    </datafield>
    <datafield tag="400" ind1="1" ind2=" ">
      <subfield code="a">Thumm von Newburg zu Königen und Steeten, Johann Friedrich</subfield>
      <subfield code="d">1580-1647</subfield>
    </datafield>
    <datafield tag="400" ind1="1" ind2=" ">
      <subfield code="a">Thumm von Newburg zu Königen und Steeten, Johann Friderich</subfield>
      <subfield code="d">1580-1647</subfield>
    </datafield>
    <datafield tag="400" ind1="1" ind2=" ">
      <subfield code="a">Thumm von Neuburg zu Köngen und Stetten, Johann Friedrich</subfield>
      <subfield code="d">1580-1647</subfield>
    </datafield>
    <datafield tag="400" ind1="1" ind2=" ">
      <subfield code="a">Thumm von Neuburg zu Königen und Steeten, Johann Friedrich</subfield>
      <subfield code="d">1580-1647</subfield>
    </datafield>
    <datafield tag="400" ind1="1" ind2=" ">
      <subfield code="a">Thumm von Neuburg, Johann Friderich</subfield>
      <subfield code="d">1580-1647</subfield>
    </datafield>
    <datafield tag="400" ind1="1" ind2=" ">
      <subfield code="a">Thumm von Neuburg, Johann Friedrich</subfield>
      <subfield code="d">1580-1647</subfield>
    </datafield>
    <datafield tag="400" ind1="1" ind2=" ">
      <subfield code="a">Thumb von Neuburg zu Köngen und Stetten, Johann Friedrich</subfield>
      <subfield code="d">1580-1647</subfield>
    </datafield>
    <datafield tag="400" ind1="1" ind2=" ">
      <subfield code="a">Thumb von Neuburg zu Königen und Steeten, Johann Friedrich</subfield>
      <subfield code="d">1580-1647</subfield>
    </datafield>
    <datafield tag="400" ind1="1" ind2=" ">
      <subfield code="a">Thumb von Neuburg, Johann Friderich</subfield>
      <subfield code="d">1580-1647</subfield>
    </datafield>
    <datafield tag="400" ind1="1" ind2=" ">
      <subfield code="a">Thumb, Johannes Fridericus</subfield>
      <subfield code="d">1580-1647</subfield>
    </datafield>
    <datafield tag="400" ind1="1" ind2=" ">
      <subfield code="a">Thumm â Neuburg, Johann Friederich</subfield>
      <subfield code="d">1580-1647</subfield>
    </datafield>
    <datafield tag="400" ind1="1" ind2=" ">
      <subfield code="a">Thumm von Neuenburg, Hans Friedrich</subfield>
      <subfield code="d">1580-1647</subfield>
    </datafield>
    <datafield tag="400" ind1="1" ind2=" ">
      <subfield code="a">Neuenburg, Hans Friedrich Thumm &#152;von&#156;</subfield>
      <subfield code="d">1580-1647</subfield>
    </datafield>
    <datafield tag="400" ind1="1" ind2=" ">
      <subfield code="a">Thumm von Neuburg, Hans Friedrich</subfield>
      <subfield code="d">1580-1647</subfield>
    </datafield>
    <datafield tag="400" ind1="1" ind2=" ">
      <subfield code="a">Neuburg, Hans Friedrich Thumb &#152;von&#156;</subfield>
      <subfield code="d">1580-1647</subfield>
    </datafield>
    <datafield tag="548" ind1=" " ind2=" ">
      <subfield code="a">1580-1647</subfield>
      <subfield code="4">datl</subfield>
      <subfield code="4">https://d-nb.info/standards/elementset/gnd#dateOfBirthAndDeath</subfield>
      <subfield code="w">r</subfield>
      <subfield code="i">Lebensdaten</subfield>
    </datafield>
    <datafield tag="550" ind1=" " ind2=" ">
      <subfield code="0">(DE-101)040004643</subfield>
      <subfield code="0">(DE-588)4000464-8</subfield>
      <subfield code="0">https://d-nb.info/gnd/4000464-8</subfield>
      <subfield code="a">Adel</subfield>
      <subfield code="4">adel</subfield>
      <subfield code="4">https://d-nb.info/standards/elementset/gnd#titleOfNobility</subfield>
      <subfield code="w">r</subfield>
      <subfield code="i">Adelstitel</subfield>
    </datafield>
    <datafield tag="551" ind1=" " ind2=" ">
      <subfield code="0">(DE-101)04099631X</subfield>
      <subfield code="0">(DE-588)4099631-1</subfield>
      <subfield code="0">https://d-nb.info/gnd/4099631-1</subfield>
      <subfield code="a">Köngen</subfield>
      <subfield code="4">rela</subfield>
      <subfield code="4">https://d-nb.info/standards/elementset/gnd#relatedPlaceOrGeographicName</subfield>
      <subfield code="w">r</subfield>
      <subfield code="i">Relation allgemein</subfield>
    </datafield>
    <datafield tag="667" ind1=" " ind2=" ">
      <subfield code="a">12</subfield>
    </datafield>
    <datafield tag="667" ind1=" " ind2=" ">
      <subfield code="a">VD-17</subfield>
    </datafield>
    <datafield tag="678" ind1=" " ind2=" ">
      <subfield code="b">Fürstl. Württemberg. Erb-Marschall; besuchte die Schulen in Schorndorf, Urach, Ulm, bis 1597 das Collegium illustre in Tübingen, Wohnsitz später in Köngen</subfield>
    </datafield>
    <datafield tag="913" ind1=" " ind2=" ">
      <subfield code="S">pnd</subfield>
      <subfield code="i">a</subfield>
      <subfield code="a">Thumb von Neuburg, Johann Friedrich</subfield>
      <subfield code="0">(DE-588a)128550643</subfield>
    </datafield>
  </record>
